% This file was created with Citavi 6.3.0.0

@book{ManuelMazzara.2017,
 year = {2017},
 title = {Present and Ulterior Software Engineering},
 publisher = {{Springer International Publishing}},
 editor = {{Manuel Mazzara} and {Bertrand Meyer}},
 doi = {10.1007/978-3-319-67425-4}
}

@inproceedings{HewittBS73:actors,
author = {Hewitt, Carl and Bishop, Peter and Steiger, Richard},
title = {A Universal Modular ACTOR Formalism for Artificial Intelligence},
year = {1973},
publisher = {Morgan Kaufmann Publishers Inc.},
address = {San Francisco, CA, USA},
booktitle = {Proceedings of the 3rd International Joint Conference on Artificial Intelligence},
pages = {235–245},
numpages = {11},
location = {Stanford, USA},
series = {IJCAI’73}
}

@book{Agha90:actors,
  author    = {Gul A. Agha},
  title     = {{ACTORS} - a model of concurrent computation in distributed systems},
  series    = {{MIT} Press series in artificial intelligence},
  publisher = {{MIT} Press},
  year      = {1990}
}

@inproceedings{HeWT14:actors,
  author    = {Jiansen He and
               Philip Wadler and
               Philip W. Trinder},
  title     = {Typecasting actors: from {A}kka to {TA}kka},
  booktitle = {SCALA@ECOOP},
  pages     = {23--33},
  publisher = {{ACM}},
  year      = {2014}
}

@article{Armstrong10:erlang,
  author    = {Joe Armstrong},
  title     = {Erlang},
  journal   = {Commun. {ACM}},
  volume    = {53},
  number    = {9},
  pages     = {68--75},
  year      = {2010}
}

@article{HallerO09:actors,
  author    = {Philipp Haller and
               Martin Odersky},
  title     = {Scala Actors: Unifying thread-based and event-based programming},
  journal   = {Theor. Comput. Sci.},
  volume    = {410},
  number    = {2-3},
  pages     = {202--220},
  year      = {2009}
}

@inproceedings{FowlerLW17:mm,
  author    = {Simon Fowler and
               Sam Lindley and
               Philip Wadler},
  title     = {Mixing Metaphors: Actors as Channels and Channels as Actors},
  booktitle = {{ECOOP}},
  series    = {LIPIcs},
  volume    = {74},
  pages     = {11:1--11:28},
  publisher = {Schloss Dagstuhl - Leibniz-Zentrum fuer Informatik},
  year      = {2017}
}

@misc{akka,
  title = {Akka: build concurrent, distributed, and resilient message-driven applications for {J}ava and {S}cala},
  year = {2020},
  howpublished = {http://www.akka.io}
}

@article{Atkey09:parameterised,
  author    = {Robert Atkey},
  title     = {Parameterised notions of computation},
  journal   = {J. Funct. Program.},
  volume    = {19},
  number    = {3-4},
  pages     = {335--376},
  year      = {2009}
}

@online{erlang-not-actor,
  author = {Robert Virding},
  year = { 2014 },
  title = { Erlang is *not* a implementation of the Actor model },
  howpublished = {\url{http://erlang.org/pipermail/erlang-questions/2014-June/079794.html}. \texttt{erlang-questions} mailing list, retrieved 17th January 2020}
}

@article{AghaMST97:foundation-actor,
  author    = {Gul Agha and
               Ian A. Mason and
               Scott F. Smith and
               Carolyn L. Talcott},
  title     = {A Foundation for Actor Computation},
  journal   = {J. Funct. Program.},
  volume    = {7},
  number    = {1},
  pages     = {1--72},
  year      = {1997}
}

@inproceedings{MostrousV11:session-erlang,
  author    = {Dimitris Mostrous and
               Vasco Thudichum Vasconcelos},
  title     = {Session Typing for a Featherweight {E}rlang},
  booktitle = {{COORDINATION}},
  series    = {Lecture Notes in Computer Science},
  volume    = {6721},
  pages     = {95--109},
  publisher = {Springer},
  year      = {2011}
}

@article{Viroli04a:correlation,
  author    = {Mirko Viroli},
  title     = {Towards a Formal Foundation to Orchestration Languages},
  journal   = {Electr. Notes Theor. Comput. Sci.},
  volume    = {105},
  pages     = {51--71},
  year      = {2004}
}

@inproceedings{PierceT00:pict,
  author    = {Benjamin C. Pierce and
               David N. Turner},
  title     = {Pict: a programming language based on the Pi-Calculus},
  booktitle = {Proof, Language, and Interaction},
  pages     = {455--494},
  publisher = {The {MIT} Press},
  year      = {2000}
}

@book{Milner99:pi-calc,
  author    = {Robin Milner},
  title     = {Communicating and mobile systems - the Pi-calculus},
  publisher = {Cambridge University Press},
  year      = {1999}
}

@book{DonovanK15:go,
  title={The Go programming language},
  author={Donovan, Alan AA and Kernighan, Brian W},
  year={2015},
  publisher={Addison-Wesley Professional}
}

@inproceedings{DenielouY12:mpst-automata,
  author    = {Pierre{-}Malo Deni{\'{e}}lou and
               Nobuko Yoshida},
  title     = {Multiparty Session Types Meet Communicating Automata},
  booktitle = {{ESOP}},
  series    = {Lecture Notes in Computer Science},
  volume    = {7211},
  pages     = {194--213},
  publisher = {Springer},
  year      = {2012}
}

@article{BrandZ83:cfsms,
  author    = {Daniel Brand and
               Pitro Zafiropulo},
  title     = {On Communicating Finite-State Machines},
  journal   = {J. {ACM}},
  volume    = {30},
  number    = {2},
  pages     = {323--342},
  year      = {1983}
}

@inproceedings{ChenBDHY11:monitoring,
  author    = {Tzu{-}Chun Chen and
               Laura Bocchi and
               Pierre{-}Malo Deni{\'{e}}lou and
               Kohei Honda and
               Nobuko Yoshida},
  title     = {Asynchronous Distributed Monitoring for Multiparty Session Enforcement},
  booktitle = {{TGC}},
  series    = {Lecture Notes in Computer Science},
  volume    = {7173},
  pages     = {25--45},
  publisher = {Springer},
  year      = {2011}
}

@inproceedings{BocchiCDHY13:monitoring,
  author    = {Laura Bocchi and
               Tzu{-}Chun Chen and
               Romain Demangeon and
               Kohei Honda and
               Nobuko Yoshida},
  title     = {Monitoring Networks through Multiparty Session Types},
  booktitle = {{FMOODS/FORTE}},
  series    = {Lecture Notes in Computer Science},
  volume    = {7892},
  pages     = {50--65},
  publisher = {Springer},
  year      = {2013}
}

@inproceedings{NeykovaYH13:spy,
  author    = {Rumyana Neykova and
               Nobuko Yoshida and
               Raymond Hu},
  title     = {{SPY:} Local Verification of Global Protocols},
  booktitle = {{RV}},
  series    = {Lecture Notes in Computer Science},
  volume    = {8174},
  pages     = {358--363},
  publisher = {Springer},
  year      = {2013}
}

@inproceedings{HuNYDH13:interruptible,
  author    = {Raymond Hu and
               Rumyana Neykova and
               Nobuko Yoshida and
               Romain Demangeon and
               Kohei Honda},
  title     = {Practical Interruptible Conversations - Distributed Dynamic Verification
               with Session Types and Python},
  booktitle = {{RV}},
  series    = {Lecture Notes in Computer Science},
  volume    = {8174},
  pages     = {130--148},
  publisher = {Springer},
  year      = {2013}
}

@inproceedings{DemangeonH12:subsessions,
  author    = {Romain Demangeon and
               Kohei Honda},
  title     = {Nested Protocols in Session Types},
  booktitle = {{CONCUR}},
  series    = {Lecture Notes in Computer Science},
  volume    = {7454},
  pages     = {272--286},
  publisher = {Springer},
  year      = {2012}
}

@online{celery,
  title = { Celery: Distributed task queue},
  howpublished = { \url{http://www.celeryproject.org/} }
}

@article{NeykovaBY17:timed-monitoring,
  author    = {Rumyana Neykova and
               Laura Bocchi and
               Nobuko Yoshida},
  title     = {Timed runtime monitoring for multiparty conversations},
  journal   = {Formal Asp. Comput.},
  volume    = {29},
  number    = {5},
  pages     = {877--910},
  year      = {2017}
}

@article{NeykovaY16:sactor,
  author    = {Rumyana Neykova and
               Nobuko Yoshida},
  title     = {Multiparty Session Actors},
  journal   = {Logical Methods in Computer Science},
  volume    = {13},
  number    = {1},
  year      = {2017}
}

@inproceedings{Fowler16:actors,
  author    = {Simon Fowler},
  title     = {An {E}rlang Implementation of Multiparty Session Actors},
  booktitle = {{ICE}},
  series    = {{EPTCS}},
  volume    = {223},
  pages     = {36--50},
  year      = {2016}
}

@inproceedings{NeykovaY17:let-it-recover,
  author    = {Rumyana Neykova and
               Nobuko Yoshida},
  title     = {Let it recover: multiparty protocol-induced recovery},
  booktitle = {{CC}},
  pages     = {98--108},
  publisher = {{ACM}},
  year      = {2017}
}

@phdthesis{Armstrong03:thesis,
  author    = {Joe Armstrong},
  title     = {Making reliable distributed systems in the presence of software errors},
  school    = {Royal Institute of Technology, Stockholm, Sweden},
  year      = {2003}
}

@article{MostrousV18:affine,
  author    = {Dimitris Mostrous and
               Vasco T. Vasconcelos},
  title     = {Affine Sessions},
  journal   = {Logical Methods in Computer Science},
  volume    = {14},
  number    = {4},
  year      = {2018}
}

@article{FowlerLMD19:stwt,
  author    = {Simon Fowler and
               Sam Lindley and
               J. Garrett Morris and
               S{\'{a}}ra Decova},
  title     = {Exceptional asynchronous session types: session types without tiers},
  journal   = {{PACMPL}},
  volume    = {3},
  number    = {{POPL}},
  pages     = {28:1--28:29},
  year      = {2019}
}

@inproceedings{PruiksmaP19:mp-adjoint,
  author    = {Klaas Pruiksma and
               Frank Pfenning},
  title     = {A Message-Passing Interpretation of Adjoint Logic},
  booktitle = {PLACES@ETAPS},
  series    = {{EPTCS}},
  volume    = {291},
  pages     = {60--79},
  year      = {2019}
}

@unpublished{PruiksmaCPR18:adjoint,
  author = {Klaas Pruiksma and William Chargin and Frank Pfenning and Jason Reed},
  title = {Adjoint Logic},
  note = {Unpublished manuscript},
  month = apr,
  howpublished = {http://www.cs.cmu.edu/~fp/papers/adjoint18b.pdf},
  year = 2018
}

@inproceedings{CooperLWY06:links,
  author    = {Ezra Cooper and
               Sam Lindley and
               Philip Wadler and
               Jeremy Yallop},
  title     = {Links: Web Programming Without Tiers},
  booktitle = {{FMCO}},
  series    = {Lecture Notes in Computer Science},
  volume    = {4709},
  pages     = {266--296},
  publisher = {Springer},
  year      = {2006}
}

@inproceedings{LopezNN16:availability,
  author    = {Hugo A. L{\'{o}}pez and
               Flemming Nielson and
               Hanne Riis Nielson},
  title     = {Enforcing Availability in Failure-Aware Communicating Systems},
  booktitle = {{FORTE}},
  series    = {Lecture Notes in Computer Science},
  volume    = {9688},
  pages     = {195--211},
  publisher = {Springer},
  year      = {2016}
}

@inproceedings{CarboneM13:df-design,
  author    = {Marco Carbone and
               Fabrizio Montesi},
  title     = {Deadlock-freedom-by-design: multiparty asynchronous global programming},
  booktitle = {{POPL}},
  pages     = {263--274},
  publisher = {{ACM}},
  year      = {2013}
}

@inproceedings{deLiguoroP18:mailbox,
  author    = {Ugo de'Liguoro and
               Luca Padovani},
  title     = {Mailbox Types for Unordered Interactions},
  booktitle = {{ECOOP}},
  series    = {LIPIcs},
  volume    = {109},
  pages     = {15:1--15:28},
  publisher = {Schloss Dagstuhl - Leibniz-Zentrum fuer Informatik},
  year      = {2018}
}

@online{Padovani18:mc2,
  author = {Luca Padovani},
  year = { 2018  },
  title = {Mailbox Calculus Checker},
  howpublished = {\url{http://www.di.unito.it/~padovani/Software/MCC/}}
}

@inproceedings{ImamS14:savina,
  author    = {Shams Mahmood Imam and
               Vivek Sarkar},
  title     = {Savina - An Actor Benchmark Suite: Enabling Empirical Evaluation of
               Actor Libraries},
  booktitle = {AGERE!@SPLASH},
  pages     = {67--80},
  publisher = {{ACM}},
  year      = {2014}
}

@book{Tel00:dist-algorithms,
  place={Cambridge},
  edition={2},
  title={Introduction to Distributed Algorithms},
  DOI={10.1017/CBO9781139168724},
  publisher={Cambridge University Press},
  author={Tel, Gerard},
  year={2000}}

@inproceedings{AdameitPN17:link-failures,
  author    = {Manuel Adameit and
               Kirstin Peters and
               Uwe Nestmann},
  title     = {Session Types for Link Failures},
  booktitle = {{FORTE}},
  series    = {Lecture Notes in Computer Science},
  volume    = {10321},
  pages     = {1--16},
  publisher = {Springer},
  year      = {2017}
}

@article{KouzapasGVG19:async-broadcast,
  author    = {Dimitrios Kouzapas and
               Ramunas Gutkovas and
               A. Laura Voinea and
               Simon J. Gay},
  title     = {A Session Type System for Asynchronous Unreliable Broadcast Communication},
  journal   = {CoRR},
  volume    = {abs/1902.01353},
  year      = {2019}
}

@article{Lamport98:paxos,
  author    = {Leslie Lamport},
  title     = {The Part-Time Parliament},
  journal   = {{ACM} Trans. Comput. Syst.},
  volume    = {16},
  number    = {2},
  pages     = {133--169},
  year      = {1998}
}

@inproceedings{VieringCEHZ18:crash-handling,
  author    = {Malte Viering and
               Tzu{-}Chun Chen and
               Patrick Eugster and
               Raymond Hu and
               Lukasz Ziarek},
  title     = {A Typing Discipline for Statically Verified Crash Failure Handling
               in Distributed Systems},
  booktitle = {{ESOP}},
  series    = {Lecture Notes in Computer Science},
  volume    = {10801},
  pages     = {799--826},
  publisher = {Springer},
  year      = {2018}
}

@inproceedings{ChenVBZE16:failure-handling,
  author    = {Tzu{-}Chun Chen and
               Malte Viering and
               Andi Bejleri and
               Lukasz Ziarek and
               Patrick Eugster},
  title     = {A Type Theory for Robust Failure Handling in Distributed Systems},
  booktitle = {{FORTE}},
  series    = {Lecture Notes in Computer Science},
  volume    = {9688},
  pages     = {96--113},
  publisher = {Springer},
  year      = {2016}
}

@inproceedings{KamburjanDC16:actors-futures,
  author    = {Eduard Kamburjan and
               Crystal Chang Din and
               Tzu{-}Chun Chen},
  title     = {Session-Based Compositional Analysis for Actor-Based Languages Using
               Futures},
  booktitle = {{ICFEM}},
  series    = {Lecture Notes in Computer Science},
  volume    = {10009},
  pages     = {296--312},
  year      = {2016}
}

@book{JunqueiraR13:zookeeper,
  title={{Z}oo{K}eeper: distributed process coordination},
  author={Junqueira, Flavio and Reed, Benjamin},
  year={2013},
  publisher={O'Reilly Media, Inc.}
}

@article{HondaYC16:mpst,
  author    = {Kohei Honda and
               Nobuko Yoshida and
               Marco Carbone},
  title     = {Multiparty Asynchronous Session Types},
  journal   = {J. {ACM}},
  volume    = {63},
  number    = {1},
  pages     = {9:1--9:67},
  year      = {2016}
}

@inproceedings{CairesP10:logic,
  author    = {Lu{\'{\i}}s Caires and
               Frank Pfenning},
  title     = {Session Types as Intuitionistic Linear Propositions},
  booktitle = {{CONCUR}},
  series    = {Lecture Notes in Computer Science},
  volume    = {6269},
  pages     = {222--236},
  publisher = {Springer},
  year      = {2010}
}

@article{Wadler14:prop-sessions,
  author    = {Philip Wadler},
  title     = {Propositions as sessions},
  journal   = {J. Funct. Program.},
  volume    = {24},
  number    = {2-3},
  pages     = {384--418},
  year      = {2014}
}

@inproceedings{LindleyM15:semantics,
  author    = {Sam Lindley and
               J. Garrett Morris},
  title     = {A Semantics for Propositions as Sessions},
  booktitle = {{ESOP}},
  series    = {Lecture Notes in Computer Science},
  volume    = {9032},
  pages     = {560--584},
  publisher = {Springer},
  year      = {2015}
}

@inproceedings{Kobayashi06:df-processes,
  author    = {Naoki Kobayashi},
  title     = {A New Type System for Deadlock-Free Processes},
  booktitle = {{CONCUR}},
  series    = {Lecture Notes in Computer Science},
  volume    = {4137},
  pages     = {233--247},
  publisher = {Springer},
  year      = {2006}
}

@inproceedings{Padovani14:df-pi,
  author    = {Luca Padovani},
  title     = {Deadlock and lock freedom in the linear {$\pi$}-calculus},
  booktitle = {{CSL-LICS}},
  pages     = {72:1--72:10},
  publisher = {{ACM}},
  year      = {2014}
}

@inproceedings{DardhaG18:df-processes,
  author    = {Ornela Dardha and
               Simon J. Gay},
  title     = {A New Linear Logic for Deadlock-Free Session-Typed Processes},
  booktitle = {FoSSaCS},
  series    = {Lecture Notes in Computer Science},
  volume    = {10803},
  pages     = {91--109},
  publisher = {Springer},
  year      = {2018}
}

@inproceedings{YoshidaHNN13:scribble,
  author    = {Nobuko Yoshida and
               Raymond Hu and
               Rumyana Neykova and
               Nicholas Ng},
  title     = {The Scribble Protocol Language},
  booktitle = {{TGC}},
  series    = {Lecture Notes in Computer Science},
  volume    = {8358},
  pages     = {22--41},
  publisher = {Springer},
  year      = {2013}
}

@article{GayV10:last,
  author    = {Simon J. Gay and
               Vasco Thudichum Vasconcelos},
  title     = {Linear type theory for asynchronous session types},
  journal   = {J. Funct. Program.},
  volume    = {20},
  number    = {1},
  pages     = {19--50},
  year      = {2010}
}

@article{CharalambidesDA16:param-actors,
  author    = {Minas Charalambides and
               Peter Dinges and
               Gul A. Agha},
  title     = {Parameterized, concurrent session types for asynchronous multi-actor
               interactions},
  journal   = {Sci. Comput. Program.},
  volume    = {115-116},
  pages     = {100--126},
  year      = {2016}
}

@inproceedings{CharalambidesPA19:actor-progress,
  author    = {Minas Charalambides and
               Karl Palmskog and
               Gul Agha},
  title     = {Types for Progress in Actor Programs},
  booktitle = {Models, Languages, and Tools for Concurrent and Distributed Programming},
  series    = {Lecture Notes in Computer Science},
  volume    = {11665},
  pages     = {315--339},
  publisher = {Springer},
  year      = {2019}
}
